
@inproceedings{lesk:1977,
  title={Computer Typesetting of Technical Journals on {UNIX}},
  author={Michael Lesk and Brian Kernighan},
  booktitle={Proceedings of American Federation of
             Information Processing Societies: 1977
             National Computer Conference},
  pages={879--888},
  year={1977},
  address={Dallas, Texas}
}
@misc{2nm-barrier,
  author       = {Mark Lapedus},
  url = {https://semiengineering.com/breaking-the-2nm-barrier/},
  title        = {Breaking The 2nm Barrier},
  note = {Last accessed 24 April 2023},
  year         = {2021}
}

@book{ElementaryStatistics,
  title={Elementary Statistics},
  author={Mario F.Triola},
  year={2018}
}

@book{ElementaryStatistics,
  title={Elementary Statistics},
  author={Mario F.Triola},
  year={2018}
}

@book{foster22,
  author         = {Foster et al.},
  chapter        = {11. Analysis of Variance},
  publisher      = {LibreTexts},
  title          = {An Introduction to Psychological Statistics},
  year           = {2022}
}

@inbook{tukey,
  author         = {Douglas C. Montgomery, George C. Runger},
  publisher      = {John Wiley, Sons, Inc},
  title          = {Applied Statistics and Probability for Engineers},
  year           = {2003}
}

@article{dinno15,
  author          = {Alexis Dinno},
  journal         = {The Stata Journal},
  number          = {1},
  title           = {Nonparametric pairwise multiple comparisons in independent groups using Dunn's test},
  pages           = {292-300},
  year            = {2015}
}

@book{NIST,
    author = {Mary Natrella},
    publisher = {NIST},
    year = 2012,
    title = {NIST/SEMATECH e-Handbook of Statistical Methods},
    url = {http://www.itl.nist.gov/div898/handbook/}
}